<record><leader>00000cas a22000007a 4500</leader><controlfield tag="001">22855682</controlfield><controlfield tag="008">901214c19889999sduwr ne      0   a0eng c</controlfield><datafield ind1=" " ind2=" " tag="010"><subfield code="a">sn 90005278 </subfield></datafield><datafield ind1=" " ind2=" " tag="040"><subfield code="a">NSD</subfield><subfield code="b">eng</subfield><subfield code="c">NSD</subfield><subfield code="d">SXN</subfield><subfield code="d">OCLCQ</subfield><subfield code="d">OCLCF</subfield><subfield code="d">OCLCO</subfield></datafield><datafield ind1=" " ind2=" " tag="012"><subfield code="m">1</subfield></datafield><datafield ind1="1" ind2=" " tag="022"><subfield code="a">1054-3449</subfield><subfield code="l">1054-3449</subfield><subfield code="2">1</subfield></datafield><datafield ind1="1" ind2=" " tag="029"><subfield code="a">AU@</subfield><subfield code="b">000025877778</subfield></datafield><datafield ind1=" " ind2=" " tag="032"><subfield code="a">998560</subfield><subfield code="b">USPS</subfield></datafield><datafield ind1=" " ind2=" " tag="037"><subfield code="b">Wakonda Times, 201 W. Cherry, Vermillion, SD 57069</subfield></datafield><datafield ind1=" " ind2=" " tag="042"><subfield code="a">nsdp</subfield><subfield code="a">pcc</subfield></datafield><datafield ind1=" " ind2=" " tag="043"><subfield code="a">n-us-sd</subfield></datafield><datafield ind1="0" ind2=" " tag="130"><subfield code="a">Wakonda times (Vermillion, S.D. : 1988)</subfield></datafield><datafield ind1=" " ind2="0" tag="222"><subfield code="a">Wakonda times</subfield><subfield code="b">(1988)</subfield></datafield><datafield ind1="0" ind2="0" tag="245"><subfield code="a">Wakonda times.</subfield></datafield><datafield ind1="3" ind2="0" tag="246"><subfield code="a">Vermillion plain talk</subfield></datafield><datafield ind1="1" ind2="7" tag="246"><subfield code="a">Vermillion plain talk/Wakonda times</subfield></datafield><datafield ind1="3" ind2="0" tag="246"><subfield code="a">Plain talk</subfield></datafield><datafield ind1=" " ind2=" " tag="260"><subfield code="a">Vermillion, S.D. :</subfield><subfield code="b">Broadcaster Press,</subfield><subfield code="c">1988-</subfield></datafield><datafield ind1=" " ind2=" " tag="300"><subfield code="a">v.</subfield></datafield><datafield ind1=" " ind2=" " tag="310"><subfield code="a">Weekly</subfield></datafield><datafield ind1="0" ind2=" " tag="362"><subfield code="a">Vol. 14, no. 48 (Dec. 1, 1988)-</subfield></datafield><datafield ind1=" " ind2=" " tag="530"><subfield code="a">Available on microfilm from: State Archives, South Dakota State Historical Society.</subfield></datafield><datafield ind1=" " ind2="0" tag="651"><subfield code="a">Wakonda (S.D.)</subfield><subfield code="v">Newspapers.</subfield></datafield><datafield ind1=" " ind2="0" tag="651"><subfield code="a">Clay County (S.D.)</subfield><subfield code="v">Newspapers.</subfield></datafield><datafield ind1=" " ind2="7" tag="655"><subfield code="a">Newspapers.</subfield><subfield code="2">fast</subfield><subfield code="0">(OCoLC)fst01423814</subfield></datafield><datafield ind1=" " ind2="7" tag="651"><subfield code="a">South Dakota</subfield><subfield code="z">Clay County.</subfield><subfield code="2">fast</subfield><subfield code="0">(OCoLC)fst01215573</subfield></datafield><datafield ind1=" " ind2="7" tag="651"><subfield code="a">South Dakota</subfield><subfield code="z">Wakonda.</subfield><subfield code="2">fast</subfield><subfield code="0">(OCoLC)fst01232940</subfield></datafield><datafield ind1=" " ind2=" " tag="752"><subfield code="a">United States</subfield><subfield code="b">South Dakota</subfield><subfield code="c">Clay</subfield><subfield code="d">Vermillion.</subfield></datafield><datafield ind1="0" ind2="0" tag="780"><subfield code="t">Wakonda times-observer</subfield><subfield code="x">0747-3257</subfield><subfield code="w">(DLC)sn 84008401</subfield></datafield></record>